{
  "endType": "normal",
  "format": "gen8randombattle",
  "inputLog": [
    ">version df14f875ec3d767f9666e64844c04c9b0a84d49e",
    ">start {\"formatid\":\"gen8randombattle\",\"seed\":[32386,5278,22560,12026],\"rated\":\"Rated battle\"}",
    ">player p1 {\"\"name\":\"467\",\"rating\":1298,\"seed\":[20577,3177,59536,1833]}",
    ">player p2 {\"\"name\":\"468\",\"rating\":1246,\"seed\":[50443,54156,22108,46528]}",
    ">p1 switch 6",
    ">p2 move drainpunch",
    ">p1 move stickyweb",
    ">p2 move stoneedge",
    ">p1 switch 6",
    ">p1 move shellsmash",
    ">p2 move drainpunch",
    ">p1 move iciclespear",
    ">p2 move machpunch",
    ">p1 switch 4",
    ">p1 move encore",
    ">p2 move stoneedge",
    ">p1 move bugbuzz",
    ">p2 move machpunch",
    ">p1 move bugbuzz",
    ">p2 move machpunch",
    ">p1 move encore",
    ">p2 move drainpunch",
    ">p1 move bugbuzz",
    ">p2 move machpunch",
    ">p2 switch 5",
    ">p1 switch 3",
    ">p2 move swordsdance",
    ">p1 move thunderbolt",
    ">p2 move bravebird dynamax",
    ">p1 move thunderbolt",
    ">p2 move swordsdance dynamax",
    ">p1 move thunderbolt",
    ">p2 switch 2",
    ">p1 switch 3",
    ">p2 move drainpunch",
    ">p1 switch 3",
    ">p1 move grassknot",
    ">p2 switch 2",
    ">p2 switch 4",
    ">p1 move grassknot",
    ">p2 move bodyslam",
    ">p1 switch 2",
    ">p1 move swordsdance",
    ">p2 switch 2",
    ">p1 switch 5",
    ">p2 move drainpunch",
    ">p1 move icepunch",
    ">p2 move drainpunch",
    ">p1 move icepunch dynamax",
    ">p2 move drainpunch",
    ">p2 switch 6",
    ">p1 move highhorsepower dynamax",
    ">p2 switch 3",
    ">p1 move doubleironbash dynamax",
    ">p2 move scald",
    ">p1 move doubleironbash",
    ">p2 move recover",
    ">p2 switch 2",
    ">p1 move doubleironbash",
    ">p2 move rest",
    ">p1 move thunderwave",
    ">p2 move firepunch",
    ">p1 move doubleironbash",
    ">p2 move firepunch",
    ">p1 move doubleironbash",
    ">p2 move firepunch",
    ">p2 switch 3",
    ">p1 move highhorsepower",
    ">p2 move highhorsepower",
    ">p1 move thunderwave",
    ">p2 move highhorsepower",
    ">p1 move highhorsepower",
    ">p2 move highhorsepower",
    ">p1 switch 5",
    ">p1 move swordsdance",
    ">p2 move doubleironbash",
    ">p1 move swordsdance",
    ">p2 move thunderwave",
    ">p1 move swordsdance",
    ">p2 move doubleironbash",
    ">p1 move crushclaw",
    ">p2 move doubleironbash",
    ">p1 move rest",
    ">p2 move doubleironbash",
    ">p1 move sleeptalk",
    ">p2 move doubleironbash",
    ">p1 move sleeptalk",
    ">p2 move doubleironbash",
    ">p1 move crushclaw",
    ">p2 move doubleironbash"
  ],
  "ladderError": true,
  "log": [
    "|j|☆467",
    "|j|☆468",
    "|player|p1|467|209|1298",
    "|player|p2|468|palmer|1246",
    "|teamsize|p1|6",
    "|teamsize|p2|6",
    "|gametype|singles",
    "|gen|8",
    "|tier|[Gen 8] Random Battle",
    "|rated|",
    "|rule|HP Percentage Mod: HP is shown in percentages",
    "|rule|Sleep Clause Mod: Limit one foe put to sleep",
    "|",
    "|start",
    "|switch|p1a: Cloyster|Cloyster, L82, M|215/215",
    "|switch|p2a: Conkeldurr|Conkeldurr, L80, F|299/299",
    "|turn|1",
    "|",
    "|switch|p1a: Vikavolt|Vikavolt, L82, F|259/259",
    "|move|p2a: Conkeldurr|Drain Punch|p1a: Vikavolt",
    "|-resisted|p1a: Vikavolt",
    "|-damage|p1a: Vikavolt|208/259",
    "|",
    "|-heal|p1a: Vikavolt|224/259|[from] item: Leftovers",
    "|-status|p2a: Conkeldurr|brn|[from] item: Flame Orb",
    "|upkeep",
    "|turn|2",
    "|",
    "|move|p1a: Vikavolt|Sticky Web|p2a: Conkeldurr",
    "|-sidestart468|move: Sticky Web",
    "|move|p2a: Conkeldurr|Stone Edge|p1a: Vikavolt",
    "|-supereffective|p1a: Vikavolt",
    "|-damage|p1a: Vikavolt|0 fnt",
    "|faint|p1a: Vikavolt",
    "|",
    "|-damage|p2a: Conkeldurr|281/299 brn|[from] brn",
    "|upkeep",
    "|",
    "|switch|p1a: Cloyster|Cloyster, L82, M|215/215",
    "|turn|3",
    "|",
    "|move|p1a: Cloyster|Shell Smash|p1a: Cloyster",
    "|-unboost|p1a: Cloyster|def|1",
    "|-unboost|p1a: Cloyster|spd|1",
    "|-boost|p1a: Cloyster|atk|2",
    "|-boost|p1a: Cloyster|spa|2",
    "|-boost|p1a: Cloyster|spe|2",
    "|-enditem|p1a: Cloyster|White Herb",
    "|-clearnegativeboost|p1a: Cloyster|[silent]",
    "|move|p2a: Conkeldurr|Drain Punch|p1a: Cloyster",
    "|-supereffective|p1a: Cloyster",
    "|-damage|p1a: Cloyster|33/215",
    "|-heal|p2a: Conkeldurr|299/299 brn|[from] drain|[of] p1a: Cloyster",
    "|",
    "|-damage|p2a: Conkeldurr|281/299 brn|[from] brn",
    "|upkeep",
    "|turn|4",
    "|html|<div class=\"infobox\">Fighting:<br /><span class=\"message-effect-weak\">Weaknesses</span>: Fairy, Flying, Psychic<br /><span class=\"message-effect-resist\">Resistances</span>: Bug, Dark, Rock<br /><span class=\"message-effect-immune\">Immunities</span>: <font color=#999999>None</font></div>",
    "|",
    "|move|p2a: Conkeldurr|Mach Punch|p1a: Cloyster",
    "|-supereffective|p1a: Cloyster",
    "|-damage|p1a: Cloyster|0 fnt",
    "|faint|p1a: Cloyster",
    "|",
    "|-damage|p2a: Conkeldurr|263/299 brn|[from] brn",
    "|upkeep",
    "|",
    "|switch|p1a: Accelgor|Accelgor, L82, F|265/265",
    "|turn|5",
    "|",
    "|move|p1a: Accelgor|Encore|p2a: Conkeldurr",
    "|-start|p2a: Conkeldurr|Encore",
    "|move|p2a: Conkeldurr|Mach Punch|p1a: Accelgor",
    "|-resisted|p1a: Accelgor",
    "|-damage|p1a: Accelgor|202/265",
    "|",
    "|-heal|p1a: Accelgor|218/265|[from] item: Leftovers",
    "|-damage|p2a: Conkeldurr|245/299 brn|[from] brn",
    "|upkeep",
    "|turn|6",
    "|",
    "|move|p2a: Conkeldurr|Mach Punch|p1a: Accelgor",
    "|-resisted|p1a: Accelgor",
    "|-damage|p1a: Accelgor|149/265",
    "|move|p1a: Accelgor|Bug Buzz|p2a: Conkeldurr",
    "|-resisted|p2a: Conkeldurr",
    "|-crit|p2a: Conkeldurr",
    "|-damage|p2a: Conkeldurr|149/299 brn",
    "|",
    "|-heal|p1a: Accelgor|165/265|[from] item: Leftovers",
    "|-damage|p2a: Conkeldurr|131/299 brn|[from] brn",
    "|upkeep",
    "|turn|7",
    "|",
    "|move|p2a: Conkeldurr|Mach Punch|p1a: Accelgor",
    "|-resisted|p1a: Accelgor",
    "|-damage|p1a: Accelgor|101/265",
    "|move|p1a: Accelgor|Bug Buzz|p2a: Conkeldurr",
    "|-resisted|p2a: Conkeldurr",
    "|-damage|p2a: Conkeldurr|71/299 brn",
    "|",
    "|-heal|p1a: Accelgor|117/265|[from] item: Leftovers",
    "|-damage|p2a: Conkeldurr|53/299 brn|[from] brn",
    "|-end|p2a: Conkeldurr|Encore",
    "|upkeep",
    "|turn|8",
    "|",
    "|move|p1a: Accelgor|Encore|p2a: Conkeldurr",
    "|-start|p2a: Conkeldurr|Encore",
    "|move|p2a: Conkeldurr|Mach Punch|p1a: Accelgor",
    "|-resisted|p1a: Accelgor",
    "|-damage|p1a: Accelgor|53/265",
    "|",
    "|-heal|p1a: Accelgor|69/265|[from] item: Leftovers",
    "|-damage|p2a: Conkeldurr|35/299 brn|[from] brn",
    "|upkeep",
    "|turn|9",
    "|",
    "|move|p2a: Conkeldurr|Mach Punch|p1a: Accelgor",
    "|-resisted|p1a: Accelgor",
    "|-damage|p1a: Accelgor|4/265",
    "|move|p1a: Accelgor|Bug Buzz|p2a: Conkeldurr",
    "|-resisted|p2a: Conkeldurr",
    "|-damage|p2a: Conkeldurr|0 fnt",
    "|faint|p2a: Conkeldurr",
    "|",
    "|-heal|p1a: Accelgor|20/265|[from] item: Leftovers",
    "|upkeep",
    "|",
    "|switch|p2a: Farfetch'd|Farfetch'd, L80, F|214/214",
    "|turn|10",
    "|",
    "|switch|p1a: Heliolisk|Heliolisk, L82, M|236/236",
    "|move|p2a: Farfetch'd|Swords Dance|p2a: Farfetch'd",
    "|-boost|p2a: Farfetch'd|atk|2",
    "|",
    "|upkeep",
    "|turn|11",
    "No Pokémon, item, move, ability or nature named 'farfatchd' was found. Showing the data of 'Farfetch'd' instead.",
    "|raw|<div class=\"message\"><ul class=\"utilichart\"><li class=\"result\"><span class=\"col numcol\">Unreleased</span> <span class=\"col iconcol\"><psicon pokemon=\"farfetchd\"/></span> <span class=\"col pokemonnamecol\" style=\"white-space:nowrap\"><a href=\"https://dex.pokemonshowdown.com/pokemon/farfetchd\" target=\"_blank\">Farfetch'd</a></span> <span class=\"col typecol\"><img src=\"https://play.pokemonshowdown.com/sprites/types/Normal.png\" alt=\"Normal\" height=\"14\" width=\"32\"><img src=\"https://play.pokemonshowdown.com/sprites/types/Flying.png\" alt=\"Flying\" height=\"14\" width=\"32\"></span> <span style=\"float:left;min-height:26px\"><span class=\"col twoabilitycol\">Keen Eye<br />Inner Focus</span><span class=\"col abilitycol\"><em>Defiant</em></span></span><span style=\"float:left;min-height:26px\"><span class=\"col statcol\"><em>HP</em><br />52</span> <span class=\"col statcol\"><em>Atk</em><br />90</span> <span class=\"col statcol\"><em>Def</em><br />55</span> <span class=\"col statcol\"><em>SpA</em><br />58</span> <span class=\"col statcol\"><em>SpD</em><br />62</span> <span class=\"col statcol\"><em>Spe</em><br />60</span> <span class=\"col bstcol\"><em>BST<br />377</em></span> </span></li><li style=\"clear:both\"></li></ul></div>",
    "|raw|<font size=\"1\"><font color=\"#686868\">Dex#:</font> 83&nbsp;|&ThickSpace;<font color=\"#686868\">Gen:</font> 1&nbsp;|&ThickSpace;<font color=\"#686868\">Height:</font> 0.8 m&nbsp;|&ThickSpace;<font color=\"#686868\">Weight:</font> 15 kg <em>(40 BP)</em>&nbsp;|&ThickSpace;<font color=\"#686868\">Dex Colour:</font> Brown&nbsp;|&ThickSpace;<font color=\"#686868\">Egg Group(s):</font> Flying, Field&nbsp;|&ThickSpace;<font color=\"#686868\">Does Not Evolve</font></font>",
    "",
    "|raw|<div class=\"message\"><ul class=\"utilichart\"><li class=\"result\"><span class=\"col numcol\">UU</span> <span class=\"col iconcol\"><psicon pokemon=\"heliolisk\"/></span> <span class=\"col pokemonnamecol\" style=\"white-space:nowrap\"><a href=\"https://dex.pokemonshowdown.com/pokemon/heliolisk\" target=\"_blank\">Heliolisk</a></span> <span class=\"col typecol\"><img src=\"https://play.pokemonshowdown.com/sprites/types/Electric.png\" alt=\"Electric\" height=\"14\" width=\"32\"><img src=\"https://play.pokemonshowdown.com/sprites/types/Normal.png\" alt=\"Normal\" height=\"14\" width=\"32\"></span> <span style=\"float:left;min-height:26px\"><span class=\"col twoabilitycol\">Dry Skin<br />Sand Veil</span><span class=\"col abilitycol\"><em>Solar Power</em></span></span><span style=\"float:left;min-height:26px\"><span class=\"col statcol\"><em>HP</em><br />62</span> <span class=\"col statcol\"><em>Atk</em><br />55</span> <span class=\"col statcol\"><em>Def</em><br />52</span> <span class=\"col statcol\"><em>SpA</em><br />109</span> <span class=\"col statcol\"><em>SpD</em><br />94</span> <span class=\"col statcol\"><em>Spe</em><br />109</span> <span class=\"col bstcol\"><em>BST<br />481</em></span> </span></li><li style=\"clear:both\"></li></ul></div>",
    "|raw|<font size=\"1\"><font color=\"#686868\">Dex#:</font> 695&nbsp;|&ThickSpace;<font color=\"#686868\">Gen:</font> 6&nbsp;|&ThickSpace;<font color=\"#686868\">Height:</font> 1 m&nbsp;|&ThickSpace;<font color=\"#686868\">Weight:</font> 21 kg <em>(40 BP)</em>&nbsp;|&ThickSpace;<font color=\"#686868\">Dex Colour:</font> Yellow&nbsp;|&ThickSpace;<font color=\"#686868\">Egg Group(s):</font> Monster, Dragon&nbsp;|&ThickSpace;<font color=\"#686868\">Does Not Evolve</font></font>",
    "",
    "|",
    "|-start|p2a: Farfetch'd|Dynamax",
    "|-heal|p2a: Farfetch'd|428/428|[silent]",
    "|move|p1a: Heliolisk|Thunderbolt|p2a: Farfetch'd",
    "|-supereffective|p2a: Farfetch'd",
    "|-damage|p2a: Farfetch'd|12/428",
    "|move|p2a: Farfetch'd|Max Airstream|p1a: Heliolisk",
    "|-resisted|p1a: Heliolisk",
    "|-damage|p1a: Heliolisk|48/236",
    "|-boost|p2a: Farfetch'd|spe|1",
    "|",
    "|upkeep",
    "|turn|12",
    "|",
    "|move|p2a: Farfetch'd|Max Guard|p2a: Farfetch'd",
    "|-singleturn|p2a: Farfetch'd|Max Guard",
    "|move|p1a: Heliolisk|Thunderbolt|p2a: Farfetch'd",
    "|-activate|p2a: Farfetch'd|move: Max Guard",
    "|",
    "|upkeep",
    "|turn|13",
    "|",
    "|-end|p2a: Farfetch'd|Dynamax",
    "|-heal|p2a: Farfetch'd|6/214|[silent]",
    "|switch|p2a: Golurk|Golurk, L82|280/280",
    "|-activate|p2a: Golurk|move: Sticky Web",
    "|-unboost|p2a: Golurk|spe|1",
    "|move|p1a: Heliolisk|Thunderbolt|p2a: Golurk",
    "|-immune|p2a: Golurk",
    "|",
    "|upkeep",
    "|turn|14",
    "|",
    "|switch|p1a: Accelgor|Accelgor, L82, F|20/265",
    "|move|p2a: Golurk|Drain Punch|p1a: Accelgor",
    "|-resisted|p1a: Accelgor",
    "|-damage|p1a: Accelgor|0 fnt",
    "|faint|p1a: Accelgor",
    "|",
    "|upkeep",
    "|",
    "|switch|p1a: Heliolisk|Heliolisk, L82, M|48/236",
    "|turn|15",
    "|",
    "|switch|p2a: Farfetch'd|Farfetch'd, L80, F|6/214",
    "|move|p1a: Heliolisk|Grass Knot|p2a: Farfetch'd",
    "|-resisted|p2a: Farfetch'd",
    "|-damage|p2a: Farfetch'd|0 fnt",
    "|faint|p2a: Farfetch'd",
    "|",
    "|upkeep",
    "|",
    "|switch|p2a: Snorlax|Snorlax, L82, M|397/397",
    "|-activate|p2a: Snorlax|move: Sticky Web",
    "|-unboost|p2a: Snorlax|spe|1",
    "|turn|16",
    "|",
    "|move|p1a: Heliolisk|Grass Knot|p2a: Snorlax",
    "|-damage|p2a: Snorlax|278/397",
    "|move|p2a: Snorlax|Body Slam|p1a: Heliolisk",
    "|-damage|p1a: Heliolisk|0 fnt",
    "|faint|p1a: Heliolisk",
    "|",
    "|upkeep",
    "|",
    "|switch|p1a: Type: Null|Type: Null, L90|317/317",
    "|turn|17",
    "|",
    "|switch|p2a: Golurk|Golurk, L82|280/280",
    "|-activate|p2a: Golurk|move: Sticky Web",
    "|-unboost|p2a: Golurk|spe|1",
    "|move|p1a: Type: Null|Swords Dance|p1a: Type: Null",
    "|-boost|p1a: Type: Null|atk|2",
    "|",
    "|upkeep",
    "|turn|18",
    "|",
    "|switch|p1a: Melmetal|Melmetal, L80|347/347",
    "|move|p2a: Golurk|Drain Punch|p1a: Melmetal",
    "|-supereffective|p1a: Melmetal",
    "|-damage|p1a: Melmetal|183/347",
    "|",
    "|-heal|p1a: Melmetal|204/347|[from] item: Leftovers",
    "|upkeep",
    "|turn|19",
    "|",
    "|move|p1a: Melmetal|Ice Punch|p2a: Golurk",
    "|-supereffective|p2a: Golurk",
    "|-damage|p2a: Golurk|116/280",
    "|move|p2a: Golurk|Drain Punch|p1a: Melmetal",
    "|-supereffective|p1a: Melmetal",
    "|-damage|p1a: Melmetal|46/347",
    "|-heal|p2a: Golurk|195/280|[from] drain|[of] p1a: Melmetal",
    "|",
    "|-heal|p1a: Melmetal|67/347|[from] item: Leftovers",
    "|upkeep",
    "|turn|20",
    "|",
    "|-start|p1a: Melmetal|Dynamax",
    "|-heal|p1a: Melmetal|134/694|[silent]",
    "|move|p1a: Melmetal|Max Hailstorm|p2a: Golurk",
    "|-supereffective|p2a: Golurk",
    "|-damage|p2a: Golurk|0 fnt",
    "|-weather|Hail",
    "|faint|p2a: Golurk",
    "|",
    "|-weather|Hail|[upkeep]",
    "|-damage|p1a: Melmetal|113/694|[from] Hail",
    "|-heal|p1a: Melmetal|134/694|[from] item: Leftovers",
    "|upkeep",
    "|",
    "|switch|p2a: Melmetal|Melmetal, L80|347/347",
    "|-activate|p2a: Melmetal|move: Sticky Web",
    "|-unboost|p2a: Melmetal|spe|1",
    "|turn|21",
    "|",
    "|switch|p2a: Jellicent|Jellicent, L82, M|298/298",
    "|-activate|p2a: Jellicent|move: Sticky Web",
    "|-unboost|p2a: Jellicent|spe|1",
    "|move|p1a: Melmetal|Max Quake|p2a: Jellicent",
    "|-damage|p2a: Jellicent|150/298",
    "|-boost|p1a: Melmetal|spd|1",
    "|",
    "|-weather|Hail|[upkeep]",
    "|-damage|p1a: Melmetal|113/694|[from] Hail",
    "|-damage|p2a: Jellicent|132/298|[from] Hail",
    "|-heal|p1a: Melmetal|134/694|[from] item: Leftovers",
    "|-heal|p2a: Jellicent|150/298|[from] item: Leftovers",
    "|upkeep",
    "|turn|22",
    "|",
    "|move|p1a: Melmetal|Max Steelspike|p2a: Jellicent",
    "|-resisted|p2a: Jellicent",
    "|-damage|p2a: Jellicent|32/298",
    "|-boost|p1a: Melmetal|def|1",
    "|move|p2a: Jellicent|Scald|p1a: Melmetal",
    "|-damage|p1a: Melmetal|70/694",
    "|",
    "|-weather|Hail|[upkeep]",
    "|-damage|p1a: Melmetal|49/694|[from] Hail",
    "|-damage|p2a: Jellicent|14/298|[from] Hail",
    "|-heal|p1a: Melmetal|70/694|[from] item: Leftovers",
    "|-heal|p2a: Jellicent|32/298|[from] item: Leftovers",
    "|-end|p1a: Melmetal|Dynamax",
    "|-heal|p1a: Melmetal|35/347|[silent]",
    "|upkeep",
    "|turn|23",
    "|",
    "|move|p1a: Melmetal|Double Iron Bash|p2a: Jellicent",
    "|-resisted|p2a: Jellicent",
    "|-damage|p2a: Jellicent|0 fnt",
    "|-hitcount|p2a: Jellicent|1",
    "|faint|p2a: Jellicent",
    "|",
    "|-weather|Hail|[upkeep]",
    "|-damage|p1a: Melmetal|14/347|[from] Hail",
    "|-heal|p1a: Melmetal|35/347|[from] item: Leftovers",
    "|upkeep",
    "|",
    "|switch|p2a: Snorlax|Snorlax, L82, M|278/397",
    "|-activate|p2a: Snorlax|move: Sticky Web",
    "|-unboost|p2a: Snorlax|spe|1",
    "|turn|24",
    "|",
    "|move|p1a: Melmetal|Double Iron Bash|p2a: Snorlax",
    "|-damage|p2a: Snorlax|166/397",
    "|-damage|p2a: Snorlax|52/397",
    "|-hitcount|p2a: Snorlax|2",
    "|move|p2a: Snorlax|Rest|p2a: Snorlax",
    "|-status|p2a: Snorlax|slp|[from] move: Rest",
    "|-heal|p2a: Snorlax|397/397 slp|[silent]",
    "|-enditem|p2a: Snorlax|Chesto Berry|[eat]",
    "|-curestatus|p2a: Snorlax|slp|[msg]",
    "|",
    "|-weather|none",
    "|-heal|p1a: Melmetal|56/347|[from] item: Leftovers",
    "|upkeep",
    "|turn|25",
    "|",
    "|move|p1a: Melmetal|Thunder Wave|p2a: Snorlax",
    "|-status|p2a: Snorlax|par",
    "|cant|p2a: Snorlax|par",
    "|",
    "|-heal|p1a: Melmetal|77/347|[from] item: Leftovers",
    "|upkeep",
    "|turn|26",
    "|",
    "|move|p1a: Melmetal|Double Iron Bash|p2a: Snorlax",
    "|-crit|p2a: Snorlax",
    "|-damage|p2a: Snorlax|202/397 par",
    "|-damage|p2a: Snorlax|76/397 par",
    "|-hitcount|p2a: Snorlax|2",
    "|cant|p2a: Snorlax|flinch",
    "|",
    "|-heal|p1a: Melmetal|98/347|[from] item: Leftovers",
    "|upkeep",
    "|turn|27",
    "|",
    "|move|p1a: Melmetal|Double Iron Bash|p2a: Snorlax",
    "|-damage|p2a: Snorlax|0 fnt",
    "|-hitcount|p2a: Snorlax|1",
    "|faint|p2a: Snorlax",
    "|",
    "|-heal|p1a: Melmetal|119/347|[from] item: Leftovers",
    "|upkeep",
    "|",
    "|switch|p2a: Melmetal|Melmetal, L80|347/347",
    "|-activate|p2a: Melmetal|move: Sticky Web",
    "|-unboost|p2a: Melmetal|spe|1",
    "|turn|28",
    "|",
    "|move|p1a: Melmetal|High Horsepower|p2a: Melmetal",
    "|-supereffective|p2a: Melmetal",
    "|-damage|p2a: Melmetal|227/347",
    "|move|p2a: Melmetal|High Horsepower|p1a: Melmetal",
    "|-supereffective|p1a: Melmetal",
    "|-damage|p1a: Melmetal|37/347",
    "|",
    "|-heal|p1a: Melmetal|58/347|[from] item: Leftovers",
    "|-heal|p2a: Melmetal|248/347|[from] item: Leftovers",
    "|upkeep",
    "|turn|29",
    "|",
    "|move|p1a: Melmetal|Thunder Wave|p2a: Melmetal",
    "|-status|p2a: Melmetal|par",
    "|cant|p2a: Melmetal|par",
    "|",
    "|-heal|p1a: Melmetal|79/347|[from] item: Leftovers",
    "|-heal|p2a: Melmetal|269/347 par|[from] item: Leftovers",
    "|upkeep",
    "|turn|30",
    "|",
    "|move|p1a: Melmetal|High Horsepower|p2a: Melmetal",
    "|-supereffective|p2a: Melmetal",
    "|-damage|p2a: Melmetal|143/347 par",
    "|move|p2a: Melmetal|High Horsepower|p1a: Melmetal",
    "|-supereffective|p1a: Melmetal",
    "|-damage|p1a: Melmetal|0 fnt",
    "|faint|p1a: Melmetal",
    "|",
    "|-heal|p2a: Melmetal|164/347 par|[from] item: Leftovers",
    "|upkeep",
    "|",
    "|switch|p1a: Type: Null|Type: Null, L90|317/317",
    "|turn|31",
    "|",
    "|move|p1a: Type: Null|Swords Dance|p1a: Type: Null",
    "|-boost|p1a: Type: Null|atk|2",
    "|move|p2a: Melmetal|Double Iron Bash|p1a: Type: Null",
    "|-damage|p1a: Type: Null|257/317",
    "|-damage|p1a: Type: Null|203/317",
    "|-hitcount|p1a: Type: Null|2",
    "|",
    "|-heal|p2a: Melmetal|185/347 par|[from] item: Leftovers",
    "|upkeep",
    "|turn|32",
    "|",
    "|move|p1a: Type: Null|Swords Dance|p1a: Type: Null",
    "|-boost|p1a: Type: Null|atk|2",
    "|cant|p2a: Melmetal|par",
    "|",
    "|-heal|p2a: Melmetal|206/347 par|[from] item: Leftovers",
    "|upkeep",
    "|turn|33",
    "|",
    "|move|p1a: Type: Null|Swords Dance|p1a: Type: Null",
    "|-boost|p1a: Type: Null|atk|2",
    "|cant|p2a: Melmetal|par",
    "|",
    "|-heal|p2a: Melmetal|227/347 par|[from] item: Leftovers",
    "|upkeep",
    "|turn|34",
    "|",
    "|move|p1a: Type: Null|Crush Claw|p2a: Melmetal",
    "|-resisted|p2a: Melmetal",
    "|-damage|p2a: Melmetal|101/347 par",
    "|move|p2a: Melmetal|Double Iron Bash|p1a: Type: Null",
    "|-damage|p1a: Type: Null|146/317",
    "|-damage|p1a: Type: Null|89/317",
    "|-hitcount|p1a: Type: Null|2",
    "|",
    "|-heal|p2a: Melmetal|122/347 par|[from] item: Leftovers",
    "|upkeep",
    "|turn|35",
    "|",
    "|move|p1a: Type: Null|Rest|p1a: Type: Null",
    "|-status|p1a: Type: Null|slp|[from] move: Rest",
    "|-heal|p1a: Type: Null|317/317 slp|[silent]",
    "|cant|p2a: Melmetal|par",
    "|",
    "|-heal|p2a: Melmetal|143/347 par|[from] item: Leftovers",
    "|upkeep",
    "|turn|36",
    "|",
    "|cant|p1a: Type: Null|slp",
    "|move|p1a: Type: Null|Sleep Talk|p1a: Type: Null",
    "|move|p1a: Type: Null|Swords Dance|p1a: Type: Null|[from]Sleep Talk",
    "|-boost|p1a: Type: Null|atk|0",
    "|move|p2a: Melmetal|Double Iron Bash|p1a: Type: Null",
    "|-damage|p1a: Type: Null|262/317 slp",
    "|-damage|p1a: Type: Null|204/317 slp",
    "|-hitcount|p1a: Type: Null|2",
    "|",
    "|-heal|p2a: Melmetal|164/347 par|[from] item: Leftovers",
    "|upkeep",
    "|turn|37",
    "|",
    "|cant|p1a: Type: Null|slp",
    "|move|p1a: Type: Null|Sleep Talk|p1a: Type: Null",
    "|move|p1a: Type: Null|Crush Claw|p2a: Melmetal|[from]Sleep Talk",
    "|-resisted|p2a: Melmetal",
    "|-damage|p2a: Melmetal|26/347 par",
    "|-unboost|p2a: Melmetal|def|1",
    "|move|p2a: Melmetal|Double Iron Bash|p1a: Type: Null",
    "|-damage|p1a: Type: Null|146/317 slp",
    "|-damage|p1a: Type: Null|91/317 slp",
    "|-hitcount|p1a: Type: Null|2",
    "|",
    "|-heal|p2a: Melmetal|47/347 par|[from] item: Leftovers",
    "|upkeep",
    "|turn|38",
    "|",
    "|-curestatus|p1a: Type: Null|slp|[msg]",
    "|move|p1a: Type: Null|Crush Claw|p2a: Melmetal",
    "|-resisted|p2a: Melmetal",
    "|-damage|p2a: Melmetal|0 fnt",
    "|faint|p2a: Melmetal",
    "|",
    "|win|467",
    "|l|☆468",
    "|l|☆467",
    "||Ladder (probably) updated, but score could not be retrieved (Response not received).",
    ""
  ],
  "p1": "467",
  "p1rating": null,
  "p1team": [
    {
      "ability": "Skill Link",
      "evs": {
        "atk": 85,
        "def": 85,
        "hp": 81,
        "spa": 85,
        "spd": 85,
        "spe": 85
      },
      "gender": "",
      "happiness": 160,
      "item": "White Herb",
      "ivs": {
        "atk": 31,
        "def": 31,
        "hp": 31,
        "spa": 31,
        "spd": 31,
        "spe": 31
      },
      "level": 82,
      "moves": [
        "iciclespear",
        "rockblast",
        "hydropump",
        "shellsmash"
      ],
      "name": "Cloyster",
      "shiny": false,
      "species": "Cloyster"
    },
    {
      "ability": "Battle Armor",
      "evs": {
        "atk": 85,
        "def": 85,
        "hp": 85,
        "spa": 85,
        "spd": 85,
        "spe": 85
      },
      "gender": "N",
      "happiness": 160,
      "item": "Eviolite",
      "ivs": {
        "atk": 31,
        "def": 31,
        "hp": 31,
        "spa": 31,
        "spd": 31,
        "spe": 31
      },
      "level": 90,
      "moves": [
        "swordsdance",
        "crushclaw",
        "sleeptalk",
        "rest"
      ],
      "name": "Type: Null",
      "shiny": false,
      "species": "Type: Null"
    },
    {
      "ability": "Dry Skin",
      "evs": {
        "atk": 0,
        "def": 85,
        "hp": 85,
        "spa": 85,
        "spd": 85,
        "spe": 85
      },
      "gender": "",
      "happiness": 160,
      "item": "Choice Specs",
      "ivs": {
        "atk": 0,
        "def": 31,
        "hp": 31,
        "spa": 31,
        "spd": 31,
        "spe": 31
      },
      "level": 82,
      "moves": [
        "voltswitch",
        "thunderbolt",
        "surf",
        "grassknot"
      ],
      "name": "Heliolisk",
      "shiny": false,
      "species": "Heliolisk"
    },
    {
      "ability": "Sticky Hold",
      "evs": {
        "atk": 0,
        "def": 85,
        "hp": 85,
        "spa": 85,
        "spd": 85,
        "spe": 85
      },
      "gender": "",
      "happiness": 160,
      "item": "Leftovers",
      "ivs": {
        "atk": 0,
        "def": 31,
        "hp": 31,
        "spa": 31,
        "spd": 31,
        "spe": 31
      },
      "level": 82,
      "moves": [
        "energyball",
        "toxic",
        "encore",
        "bugbuzz"
      ],
      "name": "Accelgor",
      "shiny": false,
      "species": "Accelgor"
    },
    {
      "ability": "Iron Fist",
      "evs": {
        "atk": 85,
        "def": 85,
        "hp": 85,
        "spa": 85,
        "spd": 85,
        "spe": 85
      },
      "gender": "N",
      "happiness": 160,
      "item": "Leftovers",
      "ivs": {
        "atk": 31,
        "def": 31,
        "hp": 31,
        "spa": 31,
        "spd": 31,
        "spe": 31
      },
      "level": 80,
      "moves": [
        "thunderwave",
        "icepunch",
        "highhorsepower",
        "doubleironbash"
      ],
      "name": "Melmetal",
      "shiny": false,
      "species": "Melmetal"
    },
    {
      "ability": "Levitate",
      "evs": {
        "atk": 0,
        "def": 85,
        "hp": 77,
        "spa": 85,
        "spd": 85,
        "spe": 85
      },
      "gender": "",
      "happiness": 160,
      "item": "Leftovers",
      "ivs": {
        "atk": 0,
        "def": 31,
        "hp": 31,
        "spa": 31,
        "spd": 31,
        "spe": 31
      },
      "level": 82,
      "moves": [
        "thunderbolt",
        "agility",
        "bugbuzz",
        "stickyweb"
      ],
      "name": "Vikavolt",
      "shiny": false,
      "species": "Vikavolt"
    }
  ],
  "p2": "468",
  "p2rating": null,
  "p2team": [
    {
      "ability": "Guts",
      "evs": {
        "atk": 85,
        "def": 85,
        "hp": 85,
        "spa": 85,
        "spd": 85,
        "spe": 85
      },
      "gender": "",
      "happiness": 160,
      "item": "Flame Orb",
      "ivs": {
        "atk": 31,
        "def": 31,
        "hp": 31,
        "spa": 31,
        "spd": 31,
        "spe": 31
      },
      "level": 80,
      "moves": [
        "drainpunch",
        "machpunch",
        "stoneedge",
        "facade"
      ],
      "name": "Conkeldurr",
      "shiny": false,
      "species": "Conkeldurr"
    },
    {
      "ability": "Iron Fist",
      "evs": {
        "atk": 85,
        "def": 85,
        "hp": 85,
        "spa": 85,
        "spd": 85,
        "spe": 85
      },
      "gender": "N",
      "happiness": 160,
      "item": "Choice Band",
      "ivs": {
        "atk": 31,
        "def": 31,
        "hp": 31,
        "spa": 31,
        "spd": 31,
        "spe": 31
      },
      "level": 82,
      "moves": [
        "drainpunch",
        "icepunch",
        "shadowpunch",
        "earthquake"
      ],
      "name": "Golurk",
      "shiny": false,
      "species": "Golurk"
    },
    {
      "ability": "Water Absorb",
      "evs": {
        "atk": 0,
        "def": 85,
        "hp": 85,
        "spa": 85,
        "spd": 85,
        "spe": 85
      },
      "gender": "",
      "happiness": 160,
      "item": "Leftovers",
      "ivs": {
        "atk": 0,
        "def": 31,
        "hp": 31,
        "spa": 31,
        "spd": 31,
        "spe": 31
      },
      "level": 82,
      "moves": [
        "icebeam",
        "recover",
        "shadowball",
        "scald"
      ],
      "name": "Jellicent",
      "shiny": false,
      "species": "Jellicent"
    },
    {
      "ability": "Thick Fat",
      "evs": {
        "atk": 85,
        "def": 85,
        "hp": 85,
        "spa": 85,
        "spd": 85,
        "spe": 85
      },
      "gender": "",
      "happiness": 160,
      "item": "Chesto Berry",
      "ivs": {
        "atk": 31,
        "def": 31,
        "hp": 31,
        "spa": 31,
        "spd": 31,
        "spe": 31
      },
      "level": 82,
      "moves": [
        "curse",
        "rest",
        "firepunch",
        "bodyslam"
      ],
      "name": "Snorlax",
      "shiny": false,
      "species": "Snorlax"
    },
    {
      "ability": "Defiant",
      "evs": {
        "atk": 85,
        "def": 85,
        "hp": 85,
        "spa": 85,
        "spd": 85,
        "spe": 85
      },
      "gender": "",
      "happiness": 160,
      "item": "Leek",
      "ivs": {
        "atk": 31,
        "def": 31,
        "hp": 31,
        "spa": 31,
        "spd": 31,
        "spe": 31
      },
      "level": 80,
      "moves": [
        "bravebird",
        "leafblade",
        "swordsdance",
        "slash"
      ],
      "name": "Farfetch'd",
      "shiny": false,
      "species": "Farfetch'd"
    },
    {
      "ability": "Iron Fist",
      "evs": {
        "atk": 85,
        "def": 85,
        "hp": 85,
        "spa": 85,
        "spd": 85,
        "spe": 85
      },
      "gender": "N",
      "happiness": 160,
      "item": "Leftovers",
      "ivs": {
        "atk": 31,
        "def": 31,
        "hp": 31,
        "spa": 31,
        "spd": 31,
        "spe": 31
      },
      "level": 80,
      "moves": [
        "highhorsepower",
        "thunderwave",
        "doubleironbash",
        "thunderpunch"
      ],
      "name": "Melmetal",
      "shiny": false,
      "species": "Melmetal"
    }
  ],
  "roomid": null,
  "score": [
    1,
    0
  ],
  "seed": [
    32386,
    5278,
    22560,
    12026
  ],
  "timestamp": "Sat Dec 14 2019 13:XX",
  "turns": 38,
  "winner": "467"
}